<?xml version="1.0" encoding="UTF-8"?><collection xmlns="http://www.loc.gov/MARC21/slim"><record><leader>00527nam--2200193-i-4500</leader><controlfield tag="001">000048425</controlfield><controlfield tag="002">20161230</controlfield><controlfield tag="005">20161230201047</controlfield><controlfield tag="008">060222s1000------------r-----000-0-rus-d</controlfield><datafield ind1=" " ind2=" " tag="040"><subfield code="a">IFIN-HH</subfield></datafield><datafield ind1=" " ind2=" " tag="041"><subfield code="a">rus</subfield></datafield><datafield ind1=" " ind2=" " tag="080"><subfield code="a">539.12.047L502.55(061.3)</subfield></datafield><datafield ind1="1" ind2=" " tag="100"><subfield code="a">Visoskaia, N.A</subfield></datafield><datafield ind1="1" ind2="0" tag="245"><subfield code="a">Radiationnaia obrabotka osadkov stocenih vod</subfield><subfield code="c">N.a. visoskaia, a.f. rekaseva, l.g. sevciuk</subfield></datafield><datafield ind1=" " ind2=" " tag="260"><subfield code="a">Kiev</subfield><subfield code="b">Tehnika</subfield><subfield code="c">1980</subfield></datafield><datafield ind1=" " ind2=" " tag="300"><subfield code="a">96P</subfield></datafield><datafield ind1="1" ind2=" " tag="700"><subfield code="a">Sevciuk, L.G</subfield></datafield><datafield ind1=" " ind2=" " tag="852"><subfield code="a">48944</subfield><subfield code="c">539.12.04</subfield></datafield><datafield ind1=" " ind2=" " tag="CAT"><subfield code="a">Sys</subfield><subfield code="c">20120210</subfield><subfield code="h">104250</subfield></datafield></record></collection>